@misc{Erasmus,
title={Delayed Neutrons},
key={Delayed Neutrons},
url={https://ec.europa.eu/programmes/erasmus-plus/project-result-content/fbcfee8c-7b46-4e39-a5eb-129ea94d51c7/CTU1_Delayed_neutrons_part_2_Experiment_procedure_for_students.pdf},
journal={Erasmus}} 

@misc{CrossSections, 
url={https://wwwndc.jaea.go.jp/cgi-bin/Tab80WWW.cgi?/data/JENDL/JENDL-4-prc/intern/B010.intern},
journal={Cross section table (5-B-10)},
author={Japan Atomic Energy Agency}}

@misc{OpenMC,
url={https://docs.openmc.org/en/latest/methods/neutron_physics.html},
journal={OpenMC Documentation},
author={OpenMC}} 

@misc{Andersen,
title={Uranium 238},
url={https://www.sciencedirect.com/topics/pharmacology-toxicology-and-pharmaceutical-science/uranium-238#:~:text=Uranium%20(U%2C%20atomic%20number%2092%2C%20in%20group%205%20of,is%20a%20naturally%20occurring%20actinide.},
journal={ScienceDirect Topics},
author={Andersen, Ole}} 

@misc{Bogart,
title={Boron cross sections as - a source of discrepancy},
url={https://ntrs.nasa.gov/api/citations/19660018445/downloads/19660018445.pdf},
journal={NASA},
author={Bogart, Donald}}

@misc{stackoverflowvar,
title={Local (?) variable referenced before assignment},
url={https://stackoverflow.com/questions/11904981/local-variable-referenced-before-assignment},
journal={Stack Overflow},
author={foxneSsfoxneSs}} 

@misc{Kim,
url={https://t2.lanl.gov/fiesta2017/Talks/Kim.pdf},
title={Neutron Cross Section Evaluation of U-238},
journal={Korean Atomic Energy Research Institute},
author={Kim, Hyeong}} 

@misc{SlidePlayer,
url={https://slideplayer.com/slide/8428135/},
journal={SlidePlayer},
author={McDowell, Winfred}} 

@misc{stackoverflowinv,
title={Calculate inverse of a function--library},
url={https://stackoverflow.com/questions/15200560/calculate-inverse-of-a-function-library},
journal={Stack Overflow},
author={username4567}} 

@misc{Wikipedia2024,
url={https://en.wikipedia.org/wiki/Neutron_transport},
journal={Wikipedia},
publisher={Wikimedia Foundation},
year={2024},
month={Sep}} 